@inproceedings{
  takeuchi, %文献参照名
  title="Creating a gesture-speech dataset for speech-based automatic gesture generation.",
  author="Kenta Takeuchi and  Souichirou Kubota and Keisuke Suzuki and Dai Hasegawa and Hiroshi Sakuta",
  booktitle="Proceedings of the International Conference on Human-Computer Interaction",
  pages="198--202",
  year="2017"
}

@inproceedings{
 u-net,
 author="O. Ronneberger, and P.Fischer and T. Brox",
 title="U-net: Convolutional networks for biomedical image segmentation",
 booktitle ="Proceedings of the Medical Image Computing and Computer-Assisted Intervention",
 year="2015",
 volume="9351",
 number="8",
 pages="234--241"
}

@inproceedings{
 patchgan,
 author="P.Isola and J.-Y.Zhu and T.Zhou and A.A.Efros",
 title="Image-to-image translation with conditional adversarial networks",
 booktitle="Proceedings of the Computer Vision and Pattern Recognition",
 year="2017"
}

% @inproceedings{
%  tensor,
%  author="Mart\c{i}n Abadi et al",
%  title="TensorFlow: Large-scale machine learning on heterogeneous systems.",
%  year="2015"
% }

@misc{
tensor,
title={{TensorFlow}: Large-Scale Machine Learning on Heterogeneous Systems},
url={http://tensorflow.org/},
note={Software available from tensorflow.org},
author={
    Mart\'{\i}n~Abadi and
    Ashish~Agarwal and
    Paul~Barham and
    Eugene~Brevdo and
    Zhifeng~Chen.},
  year={2015},
}


@misc{
keras,
author = {François Chollet },
title = {keras},
year = {2015},
publisher = {GitHub},
journal = {GitHub repository},
url = {https://github.com/fchollet/keras}}
}
% @inproceedings{
%  keras,
%  author="Fran\c{c}ois Chollet et al",
%  title="Keras",
%  year="2015", 
%  howpublished = "\url{https://github.com/fchollet/keras}"
% }

@inproceedings{
 hasegawa,
 author="Dai Hasegawa and Naoshi Kaneko and Shinichi Shirakawa and Hiroshi Sakuta and Kazuhiko Sumi",
 title="Evaluation of Speech-to-Gesture Generation Using Bi-Directional LSTM Network", 
 booktitle="Proceedings of the 18th International Conference on Intelligent Virtual Agents", 
 pages="79--86",
 year="2018"
 }
 
 @inproceedings{
 euro,
 author="Géry Casiez and Nicolas Roussel and Daniel Vogel",
 title="1€ Filter: A Simple Speed-based Low-pass Filter for Noisy Input in Interactive Systems", 
 booktitle="Proceedings of the SIGCHI Conference on Human Factors in Computing ststems", 
 pages="2527--2530",
 year="2012"
 }
 
 @inproceedings{
  goodfellow,
  author="I. Goodfellow and J. Pouget Abadie and M. Mirza and B. Xu and D. Warde Farley and S. Ozair and A. Courville and Y. Bengio",
  
  %  Pouget-Abadie, Jean, Mirza,Mehdi,Xu,Bing, Warde-Farley, David, Ozair, Sherjil, Courville, Aaron C., and Bengio, Yoshua",
      
  title="Generative adversarial nets",
  booktitle="Proceedings of Advances in Neural Information Processing Systems",
  pages="2672--2680",
  year="2014"
%   howpublished = {\url{https://arxiv.org/abs/1406.2661}}
 }
 
 @inproceedings{
 ginosar,
 author="Shiry Ginosar and Amir Bar and Gefen Kohavi and Caroline Chan and Andrew Owens and Jitendra Malik",
 title="Learning Individual Styles of Conversational Gesture", 
 booktitle="Proceedings of the IEEE Conference on Computer Vision and Pattern Recognition", 
 pages="3497--3506",
 year="2019"
%  howpublished = {\url{https://arxiv.org/abs/1906.04160}}
 }
 
@inproceedings{
 naguri,
 author="Chinmaya R. Naguri and Razvan C. Bunescu",
 title="Recognition of Dynamic Hand Gestures from 3D Motion Data Using LSTM and CNN Architectures.",
 booktitle="Proceedings of the IEEE International Conference on Machine Learning and Applications",
 pages="1130--1133",
 year="2017"
 }

@inproceedings{
  adadelta,
  title={ADADELTA: An Adaptive Learning Rate Method},
  author={Matthew D. Zeiler},
  booktitle={ArXiv},
  year={2012},
  volume={abs/1212.5701},
  url={https://arxiv.org/pdf/1212.5701.pdf}
}
% @inproceedings{
%  adadelta,
%  author="Matthew D. Zeiler",
%  title="ADADELTA: an adaptive learning rate method",
%  howpublished={\url{http://arxiv.org/abs/1212.5701}},
%  year="2012"
%  }

@inproceedings{
 rnn,
 author="Elman, Jeffrey L.",
 title="Finding structure in time",
 booktitle="Cognitive science",
 pages="179--211",
 year="1990"
 }
 
@inproceedings{
 hiyori,
 author="日和航大 and 芳尾哲 and 長谷川大 and 荒木健治",
 title="講義代行ロボットにおける双方向LSTMを用いたジェスチャ自動生成システムの性能評価",
 booktitle="\normalfont{人工知能学会第32回全国大会.}",
 pages="1--4",
 year="2018"
 
}
% @inproceedings{
%  hiyori,
%  author="日和航大 and 芳尾哲 and 長谷川大 and 荒木健治",
%  title="講義代行ロボットにおける双方向LSTMを用いたジェスチャ自動生成システムの性能評価",
%  booktitle="Proceedings of The 32nd Annual Conference of the Japanese Society for Artificial Intelligence",
%  pages="1--4",
%  year="2018"
 
% }

@inproceedings{
 lstm,
 author="Sepp Hochreiter and J{\"u}rgen Schmidhuber",
 title="Long short-term memory",
 booktitle ="Neural computation",
 year="1997",
 volume="19",
 number="8",
 pages="1735--1780"
 }

@inproceedings{
 park, %文献参照名
 title="Tracking Human-like Natural Motion Using Deep Recurrent Neural Networks",
 author="Youngbin Parki and Sungphill Moon and Il Hong Suh",
 booktitle="Intelligent Service Robotics",
 year="2018",
 volume="11",
 number="4",
 pages="313--322"
}

% Intelligent Service Robotics, vol. 11, no. 4, pp. 313-322, 2018.

@inproceedings{
    gru,
    title = "Learning Phrase Representations using {RNN} Encoder{--}Decoder for Statistical Machine Translation",
    author = {Cho, Kyunghyun  and
      van Merri{\"e}nboer, Bart  and
      Gulcehre, Caglar  and
      Bahdanau, Dzmitry  and
      Bougares, Fethi  and
      Schwenk, Holger  and
      Bengio, Yoshua},
    booktitle = "Proceedings of the 2014 Conference on Empirical Methods in Natural Language Processing",
    % month = oct,
    year = "2014",
    % address = "Doha, Qatar",
    % publisher = "Association for Computational Linguistics",
    % url = "https://www.aclweb.org/anthology/D14-1179",
    % doi = "10.3115/v1/D14-1179",
    pages = "1724--1734",
}
% @inproceedings{
%  gru,
%  author="Kyunghyun Cho and Bart van Merrienboer and Caglar Gulcehre and Dzmitry Bahdanau and Fethi Bougares and Holger Schwenk and Yoshua Bengio",
%  title="Learning Phrase Representations using RNN Encoder-Decoder for Statistical Machine Translation",
%  year="2014",
%  booktitle={\url{https://arxiv.org/abs/1406.1078v3}}
%  }
 
@inproceedings{
 rui,
 author="Rui Fang and Malcolm Doering and Joyce Y. Chai",
 title="Embodied collaborative referring expression generation in situated human-robot interaction",
 booktitle="Proceedings of the ACM/IEEE International Conference on Human-Robot Interaction",
 pages="271--278",
 year="2015"
 }
 
 @inproceedings{
 timothy,
 author="Timothy W Bickmore and Laura M Pfeifer and Donna Byron and Shaula Forsythe and Lori E Henault and Brian W Jack and Rebecca Silliman and Michael K Paasche-Orlow",
 title="Usability of conversational agents by patients with inadequate health literacy: Evidence from two clinical trials.",
 booktitle="Health Communication 15, S2",
 pages="197–210",
 year="2010"
}

@inproceedings{
 adam,
 author="Diederik P. Kingma and Jimmy Ba",
 title="Usability of conversational agents by patients with inadequate health literacy: Evidence from two clinical trials.",
 booktitle="Proceedings of the 3rd International Conference on Learning Representations",
 pages="197–210",
 year="2014"
}

@inproceedings{
 chiu1,
 author="Chung-Cheng Chiu and Louis-Philippe Morency and Stacy Marsella",
 title="Predicting co-verbal gestures: a deep and temporal modeling approach",
 booktitle="International Conference on Intelligent Virtual Agents", 
 pages="152--166",
 year="2015"
 }

@inproceedings{
 chiu2,
 author="Chung-Cheng Chiu and Stacy Marsella",
 title="How to train your avatar: A data driven approach to gesture generation",
 booktitle="Intelligent Virtual Agents",
 pages="127--140",
 year="2011"
 }

@book{
 mcneill,
 author="David McNeill",
 title="Hand and mind: What gestures reveal about thought.",
 publisher = "University of Chicago press",
 year="1992"
}

@book{
 justine,
 title="Justine Cassell：Embodied conversational agents.",
 author="Justine Cassell",
 year = "2000",
 publisher = "MIT press"
 }

