% 書式は研究室によるので先輩の書き方を参考にしましょう

@inproceedings{
 hasegawa,
 author="Minori Hasegawa and Ryu Tanaka",
 title="title", 
 booktitle="gakkaimei", 
 pages="79--86",
 year="〇〇"
 }
 
@inproceedings{
 naguri,
 author="Hurry T. Naguri and Noiyru P. Esury",
 title="title.",
 booktitle="gakkaimei",
 pages="1130--1133",
 year="〇〇"
 }

@inproceedings{
 suzuki,
 author="鈴木",
 title="たいとる",
 booktitle="\normalfont{○○学会第○○回全国大会.}",
 pages="1--4",
 year="○○"
 }

@inproceedings{
 chiu1,
 author="Eng Chiu and Sriou-P. Nory",
 title="Title",
 booktitle="gakkaimei", 
 pages="152--166",
 year="〇〇"
 }
